<?xml version="1.0" encoding="UTF-8"?><collection xmlns="http://www.loc.gov/MARC21/slim"><record><leader>00568nam--2200181-i-4500</leader><controlfield tag="001">000031681</controlfield><controlfield tag="002">20161230</controlfield><controlfield tag="005">20170206182151</controlfield><controlfield tag="008">060222s1000------------r-----000-0-eng-d</controlfield><datafield ind1=" " ind2=" " tag="100"><subfield code="a">Mcweeny, R</subfield></datafield><datafield ind1=" " ind2=" " tag="245"><subfield code="a">Methods Of Molecular Quantum Mechanics</subfield></datafield><datafield ind1=" " ind2=" " tag="260"><subfield code="a">London</subfield><subfield code="b">Academic Press</subfield><subfield code="c">1969</subfield></datafield><datafield ind1=" " ind2=" " tag="300"><subfield code="a">XII + 307 p</subfield></datafield><datafield ind1=" " ind2=" " tag="490"><subfield code="a">Theoretical Chemistry.A Series Of Monographs Consulting. Editors D.P.Craig And R.Mcweeny</subfield></datafield><datafield ind1=" " ind2=" " tag="500"><subfield code="a">(Reprinted With S1 Units And Revisions, 1976.)</subfield></datafield><datafield ind1=" " ind2=" " tag="700"><subfield code="a">Sutcliffe, B. T</subfield></datafield><datafield ind1=" " ind2=" " tag="852"><subfield code="a">530.145.6</subfield></datafield><datafield ind1=" " ind2=" " tag="CAT"><subfield code="a">SYS</subfield><subfield code="c">20170206</subfield><subfield code="h">182151</subfield></datafield></record></collection>